@book{Musterfrau2015,
    author = {Musterfrau, M.},
    title = {Ferien auf Saltkrokan},
    publisher ={Journalbuch},
    year = {2015},
}
@book{Mustermann2023,
    author = {Mustermann, M.},
    title = {Pippi Langstrumpf},
    publisher = {Zauberschule},
    year = {2023}
}
@book{Musterkind2019,
    author = {Musterkind, M.},
    title = {Wir Kinder von Bullerbü},
    publisher = {Henry VIII Verlag},
    year = {2019}
}
@book{Herzog/König,
    author =  {Herzog, M. and König, B.},
    title = {Madita und Pims},
    publisher ={Buchveröffentlichungen} ,
    year = {2018}
}

@book{Maier/Müller/Bauer/Fischer,
    author = {Maier, M. and Müller, B. and Bauer, S. and Fischer, R.},
    title = {Michel bringt die Welt in Ordnung},
    publisher = {Autorinnenring} ,
    year ={1979} 
}

@book{Frühling,
    author = {Frühling, S.},
    title = {Die Brüder Löwenherz},
    publisher = {Traumfarbik} ,
    year = {2029}
}

@book{Sommer,
    author = {Sommer, F.},
    title = {Lotta aus der Krachmacherstraße},
    publisher = {Purzelbaum},
    year = {2017}
}

@book{Maier1,
    author = {Brüng, C.},
    title = {Veröffentlichung 1},
    publisher = {Agentinenfirma},
    year = {2017}
}
@book{Maier2,
    author = {Brüng, C.},
    title = {Veröffentlichung 2},
    publisher = {Agentinenfirma},
    year = {2017}
}